@BOOK{Smith:2012qr,
   title = "Chemistry",
   publisher = "Publisher",
   author = "Smith, J.~M. and Jones, A.~B.",
   year = 2012,
   edition = 7,
}

@MANUAL{lmt01:2016,
  organization  = "Texas Instruments",
  title         = "LMT01-Q1 0.5°C Accurate 2-Pin Digital Output Temperature Sensor with Pulse Count Interface",
  howpublished	= "LMT01-Q1 datasheet",
  month		= Nov,
  year		= 2016,
}

@ONLINE{Graffox:2009,
  title		= "IEEE Citation Reference",
  author	= "Graffox, D.",
  howpublished	= ebook,
  month		= Sep,
  year		= 2009,
  url		= "https://www.ieee.org/documents/ieeecitationref.pdf",
  urldate	= "2017-04-13"
}

@MANUAL{fx230:2016,
  organization  = "Future Technology Devices International Ltd",
  title         = "FT230X USB to Basic UART IC",
  howpublished	= "FT230X Datasheet",
  version	= "1.4",
  date		= "24 May",
  year		= 2016,
}